%detect unused items in this file
%awk -F '{' '/^@.*{..*,/ {gsub(",","",$2); print $2}' bib.bib |awk '{print $1}' |while read -r i; do if [[ -z "$(grep "cite{$i}" ../capitulos/*.tex)" ]]; then  echo "NONE: $i" ; fi;  done


@Book{pmbok,
%address = {},
%author = {Project Management Institute},
title = {Guía de los Fundamentos para la Dirección de Proyectos (Guía del PMBOK) , 5 a edición},
publisher = {Project Management Institute},
year = {2013},
isbn = {9781628250091}
}


@Book{libro_ossec,
 author = {Hay, Andrew},
 title = {OSSEC host-based intrusion detection guide},
 publisher = {Syngress Pub},
 year = {2008},
 %address = {Burlington, Mass},
 isbn = {9781597492409}
}


@Book{ransomware_oReilly,
 author = {Liska, Allan},
 title = {Ransomware : defending against digital extortion},
 publisher = {O'Reilly Media},
 year = {2016},
% address = {Sebastopol, CA},
 isbn = {9781491967881}
 }

@Book{ransomware_digital_extortion,
 author = {Thakkar, Dhanya},
 title = {Preventing digital extortion : mitigate ransomware, DDoS, and other cyber-extortion attacks},
 publisher = {Packt Publishing},
 year = {2017},
% address = {Birmingham, UK},
 isbn = {9781787120365}
 }







%@online{AD_setting_up,
%	title = {Setting up AD in Windows Server 2016},
%	url = {https://blogs.technet.microsoft.com/canitpro/2017/02/22/step-by-step-setting-up-active-directory-in-windows-server-2016/},
%	urldate = {}
%}

@article{use_case_definition,
	author = {Larson, E. \& Larson, R. (2004)},
	journal = {Paper presented at PMI\textregistered Global Congress 2004—North America, Anaheim, CA. Newtown Square, PA: Project Management Institute},
	title = {Use cases: what every project manager should know},
	%ams-subject = {},
	%review = {},
	%pages = {},
	%volume = {},
	%year = {},
	%urldate = {2018-11-04},
}

@article{comparison_ics, 			%https://www.osti.gov/servlets/purl/1376870
	title = {A Survey of Security Tools for the Industrial Control System Environment},
	author = {Hurd, Carl M. and McCarty, Michael V.},
	abstractNote = {This report details the results of a survey conducted by Idaho National Laboratory (INL) to identify existing tools which could be used to prevent, detect, mitigate, or investigate a cyber-attack in an industrial control system (ICS) environment. This report compiles a list of potentially applicable tools and shows the coverage of the tools in an ICS architecture.},
	doi = {10.2172/1376870},
	place = {United States},
	year = {2017},
	month = {6}
	%journal = {},
	%number = ,
	%volume = ,
}
@article{snort_learning, 		%https://arxiv.org/pdf/1710.04843.pdf    https://arxiv.org/abs/1710.04843
	author = {Shah, Syed Ali Raza and Issac, Biju},
	title = {Performance Comparison of Intrusion Detection Systems and Application of Machine Learning to Snort System},
	journal = {Future Gener. Comput. Syst.},
	issue_date = {March 2018},
	volume = {80},
	number = {C},
	month = mar,
	year = {2018},
	issn = {0167-739X},
	pages = {157--170},
	url = {https://doi.org/10.1016/j.future.2017.10.016},
%	numpages = {14},
%	doi = {10.1016/j.future.2017.10.016},
%	acmid = {3174633},
%	keywords = {Fuzzy Logic, Intrusion detection, Machine learning, Performance comparison, Snort and Suricata, Support Vector Machine},
%	address = {Amsterdam, The Netherlands, The Netherlands},
	publisher = {Elsevier Science Publishers B. V.},
}

@article{snort_honeypot, 	%https://pdfs.semanticscholar.org/3397/163c7e89c2c039f5e207677c81df778b9984.pdf 			https://www.semanticscholar.org/paper/Combining-IDS-and-Honeynet-Methods-for-Improved-and-Riebach-T%C3%B6dtmann/3397163c7e89c2c039f5e207677c81df778b9984
  title={Combining IDS and Honeynet Methods for Improved Detection and Automatic Isolation of Compromised Systems},
  author={Stephan Riebach and Birger T{\"o}dtmann and Erwin P. Rathgeb},
  year={2005}
}

@article{honeypot_ossec_trees, 	%http://www.ijcncs.org/published/volume2/issue1/p7_2-1.pdf 		http://www.ijcncs.org/published/volume2/issue1/index.php
  title={Monitoring and Analyzing System Activities Using High Interaction Honeypot},
  author={Dr.Najla B. Al-Dabagh and Mohammed A. Fakhri},
  year={2014},
  journal={International Journal of Computer Networks and Communications Security},
}

@article{honeypot_weka_learning, 	%https://www.researchgate.net/publication/306017096_A_machine_learning_based_approach_for_intrusion_prevention_using_honeypot_interaction_patterns_as_training_data
  title={A machine learning based approach for intrusion prevention using honeypot interaction patterns as training data},
  author={Daniel Zammit},
  year={2016}
} %Zammit, Daniel. (2016). A machine learning based approach for intrusion prevention using honeypot interaction patterns as training data. 10.13140/RG.2.1.1996.0561.

@article{SANS_mimikatz, 	%https://daloo.de/testwebdavhere/mimikatz-overview-defenses-detection-36780.pdf %https://www.sans.org/reading-room/whitepapers/forensics/mimikatz-overview-defenses-detection-36780
  title={SANS Institute InfoSec Reading Room: Mimikatz Overview, Defenses and Detection},
  author={James Mulder},
  year={2016}
} %SANS Institute InfoSec Reading Room: Mimikatz Overview, Defenses and Detection


@article{ransomware_malwarebytes, 	%https://www.malwarebytes.com/pdf/white-papers/CTNT-Q4-17.pdf
  title={Cybercrime tactics and techniques: 2017 state of malware},
  author={Malwarebytes Labs},
%TODO poner solo los primeros autores mencionados?
  year={2017}
}






@online{ossec,
	title = {About OSSEC},
	url = {https://www.ossec.net/about.html},
	urldate = {2018-11-11},
}

@online{wazuh_stack,
	title = {Technologies that form Wazuh},
	url = {https://wazuh.com/wp-content/uploads/2015/11/Jigsaw4.png},
	urldate = {2018-11-11},
}

@online{ossec_agent,
	title = {OSSEC Agents},
	url = {https://www.ossec.net/docs/manual/agent/index.html},
	urldate = {2018-11-11},
}

@online{wazuh_additional_functionality,
	title = {Wazuh documentation: OSSEC and Wazuh additional functionality},
	url = {https://documentation.wazuh.com/current/getting-started/use-cases.html},
	urldate = {2018-11-11},
}
@online{wazuh_documentation2,
	title = {Wazuh documentation},
	url = {https://github.com/wazuh/wazuh-documentation},
	urldate = {2018-11-11},
}
@online{wazuh_documentation,
	title = {Wazuh documentation},
	url = {https://documentation.wazuh.com},
	urldate = {2018-11-11},
}
@online{wazuh_ruleset,
	title = {Wazuh ruleset},
	url = {https://github.com/wazuh/wazuh-ruleset},
	urldate = {2018-11-11},
}
@online{wazuh,
	title = {Wazuh: Github},
	url = {https://github.com/wazuh/wazuh},
	urldate = {2018-11-11},
}
@online{agentless,
	title = {Agentless monitoring in OSSEC},
	url = {https://www.ossec.net/docs/manual/agent/agentless-monitoring.html},
	urldate = {2018-11-11},
}
@online{wazuh_architecture,
	title = {Wazuh documentation: Installation guide},
	url = {https://documentation.wazuh.com/current/installation-guide/index.html},
	urldate = {2018-11-11},
}
@online{wazuh_architecture2,
	title = {Wazuh documentation: Architecture},
	url = {https://documentation.wazuh.com/current/getting-started/architecture.html},
	urldate = {2018-11-15},
}
@online{firewall-ipds-ids_comparison,
	title = {Difference between IDS and IPS and Firewall},
	url = {https://security.stackexchange.com/questions/44931/difference-between-ids-and-ips-and-firewall},
	urldate = {2018-11-15},
}
@online{comparison_tools,
	title = {10 Top Intrusion Detection Tools for 2018},
	url = {https://www.comparitech.com/net-admin/network-intrusion-detection-tools/},
	urldate = {2018-11-15},
}
@online{who_is_using_yara,
	title = {Who is using YARA},
	url = {https://github.com/VirusTotal/yara},
	urldate = {2018-11-15},
}
@online{wazuh_data_flow,
	title = {Wazuh data flow},
	url = {https://documentation.wazuh.com/current/_images/wazuh_data_flow1.png},
	urldate = {2018-11-15},
}
@online{wazuh_index,
	title = {Wazuh documentation: Welcome to Wazuh},
	url = {https://documentation.wazuh.com/current/index.html},
	urldate = {2018-11-15},
}
@online{wazuh_json,
	title = {Wazuh documentation: JSON decoder},
	url = {https://documentation.wazuh.com/current/user-manual/ruleset/json-decoder.html},
	urldate = {2018-11-15},
}
@online{wazuh_cdb,
	title = {Wazuh documentation: CDB lists},
	url = {https://documentation.wazuh.com/current/user-manual/ruleset/cdb-list.html},
	urldate = {2018-11-15},
}
@online{wazuh_ossec_ruleset,
	title = {OSSEC-Wazuh Ruleset list},
	url = {https://wazuh.com/resources/OSSEC_Ruleset.pdf},
	urldate = {2018-11-15},
}
@online{wazuh_testing,
	title = {Wazuh documentation: Testing decoders and rules},
	url = {https://documentation.wazuh.com/current/user-manual/ruleset/testing.html},
	urldate = {2018-11-15},
}
@online{wazuh_custom,
	title = {Wazuh documentation: Custom rules and decoders},
	url = {https://documentation.wazuh.com/current/user-manual/ruleset/custom.html},
	urldate = {2018-11-15},
}
@online{pmi_project_management,
	title = {What is Project Management?},
	url = {https://www.pmi.org/about/learn-about-pmi/what-is-project-management},
	urldate = {2018-11-17},
}
@online{virustotal_faq,
	title = {VirusTotal FAQ},
	url = {https://www.virustotal.com/en/faq/},
	urldate = {2018-11-18},
}
@online{tarlogic_comprehension,
	title = {Kerberos tickets: Comprehension and exploitation},
	url = {https://www.tarlogic.com/en/blog/kerberos-tickets-comprehension-and-exploitation/},
	urldate = {2019-05-20}
}
@online{tarlogic_theory,
	title = {Kerberos (I): How does Kerberos work? - Theory},
	url = {https://www.tarlogic.com/en/blog/how-kerberos-works/},
	urldate = {2019-05-20}
}
@online{stealthbits,
	title = {Complete domain compromise with golden tickets},
	url = {https://blog.stealthbits.com/complete-domain-compromise-with-golden-tickets/},
	urldate = {2019-05-20}
}
@online{reset_script,
	title = {Script to reset the krbtgt account password/keys},
	url = {https://gallery.technet.microsoft.com/Reset-the-krbtgt-account-581a9e51},
	urldate = {2019-05-20}
}
@online{adsecurity_483,
	title = {Kerberos \& KRBTGT: Active Directory\textquotesingle s Domain Kerberos Service Account},
	url = {https://adsecurity.org/?p=483},
	urldate = {2019-05-20}
}
@online{dump_ways,
	title = {How Attackers Dump Active Directory Database Credentials},
	url = {https://adsecurity.org/?p=2398},
	urldate = {2019-05-20}
}
@online{pentestlab, 	%alternativamente https://www.christophertruncer.com/golden-ticket-generation/
	title = {Golden Ticket},
	url = {https://pentestlab.blog/2018/04/09/golden-ticket/},
	urldate = {2019-05-20}
}
@online{wikipedia_lsass,
	title = {Wikipedia: Local Security Authority Subsystem Service},
	url = {https://en.wikipedia.org/wiki/Local_Security_Authority_Subsystem_Service},
	urldate = {2019-05-20}
}
@online{microsoft_mitigation,
	title = {Mitigating Pass-the-Hash (PtH) Attacks and Other Credential Theft, Version 1 and 2},
	url = {https://www.microsoft.com/en-us/download/details.aspx?id=36036},
	urldate = {2019-05-20}
}
@online{mimikatz_details, 		%https://blog.3or.de/mimikatz-deep-dive-on-lsadumplsa-patch-and-inject.html
	title = {Unofficial Guide to Mimikatz \& Command Reference},
	url = {https://adsecurity.org/?page_id=1821},
	urldate = {2019-05-20}
}
@online{mimikatz_github,
	title = {Github: mimikatz},
	url = {https://github.com/gentilkiwi/mimikatz},
	urldate = {2019-05-20}
}
@online{choke,
	title = {How Does a Golden Ticket Attack Work?},
	url = {https://www.varonis.com/blog/kerberos-how-to-stop-golden-tickets/},
	urldate = {2019-05-20}
}
@online{powersploit, 		%another version https://github.com/PowerShellMafia/PowerSploit
	title = {Github: PowerSploit - A PowerShell Post-Exploitation Framework},
	url = {https://github.com/phra/PowerSploit},
	urldate = {2019-05-20}
}
@online{wazuh_remote_command,
	title = {Scheduling remote commands for Wazuh agents},
	url = {https://wazuh.com/blog/scheduling-remote-commands-for-wazuh-agents/},
	urldate = {2019-05-20}
}
@online{windows_events,
	title = {Windows Security Log Events},
	url = {https://www.ultimatewindowssecurity.com/securitylog/encyclopedia/Default.aspx},
	urldate = {2019-07-02}
}
@online{dcsync_monitor,
	title = {Github: Monitors for DCSYNC and DCSHADOW attacks and create custom Windows Events for these events.},
	url = {https://github.com/shellster/DCSYNCMonitor},
	urldate = {2019-05-20}
}
@online{AD_tier,
	title = {Github: Create-Tiers in AD},
	url = {https://github.com/davidprowe/AD_Sec_Tools},
	urldate = {2019-05-20}
}
@online{reset_RODC,
	title = {Reset The KrbTgt Account Password/Keys For RWDCs/RODCs},
	url = {https://gallery.technet.microsoft.com/Reset-The-KrbTgt-Account-5f45a414},
	urldate = {2019-05-20}
}
@online{hood,
	title = {The Golden Ticket Attack - a Look Under the Hood},
	url = {https://cybersecology.com/wp-content/uploads/2016/05/Golden_Ticket-v1.13-Final.pdf},
	urldate = {2019-05-20}
}
@online{protect_NTDS,
	title = {IT Admin Tips: Protecting Your Active Directory Database},
	url = {http://www.cryptohax.com/2015/10/it-admin-tips-protecting-your-active.html},
	urldate = {2019-05-20}
}
@online{AD_defense,
	title = {Github: Attack and defend active directory using modern post exploitation adversary tradecraft activity},
	url = {https://github.com/infosecn1nja/AD-Attack-Defense#defense--detection},
	urldate = {2019-05-20}
}
%@online{blog_events,
%	title = {How to collect Windows events with Wazuh},
%	url = {https://wazuh.com/blog/how-to-collect-windows-events-with-wazuh/},
%	urldate = {2019-05-21}
%}
%@online{integrator, %maybe
%	title = {How to integrate external software using Integrator},
%	url = {https://wazuh.com/blog/how-to-integrate-external-software-using-integrator/},
%	urldate = {2019-05-21}
%}
@online{yara_module,
	title = {Github: YARA module implementation},
	url = {https://github.com/wazuh/wazuh/issues/3357},
	urldate = {2019-05-30}
}

%https://security.stackexchange.com/questions/106762/metasploit-meterpreter-alternatives
@online{meterpreter,
	title = {The Secret Security Wiki: Meterpreter},
	url = {https://doubleoctopus.com/security-wiki/threats-and-tools/meterpreter/},
	urldate = {2019-05-21}
}

@online{ntdsdit_tools, 		%https://github.com/csababarta/ntdsxtract con python
	title = {Practice ntds.dit File Part 2: Extracting Hashes},
	url = {https://blog.didierstevens.com/2016/07/13/practice-ntds-dit-file-part-2-extracting-hashes/},
	urldate = {2019-05-21}
}
@online{ntds_powershell,
	title = {Dumping the contents of ntds.dit files using PowerShell},
	url = {https://www.dsinternals.com/en/dumping-ntds-dit-files-using-powershell/},
	urldate = {2019-05-21}
}
@online{detect_metasploit_traffic,
	title = {Detecting Network Traffic from Metasploit's Meterpreter Reverse HTTP Module},
	url = {https://blog.didierstevens.com/2015/05/11/detecting-network-traffic-from-metasploits-meterpreter-reverse-http-module/},
	urldate = {2019-05-21}
}
@online{extracting_ntds,
	title = {Extracting password hashes from the ntds.dit file},
	url = {https://blog.stealthbits.com/extracting-password-hashes-from-the-ntds-dit-file/},
	urldate = {2019-05-21}
}
@online{pypykatz_server,
	title = {Github: Pypykatz server},
	url = {https://github.com/skelsec/pypykatz_server},
	urldate = {2019-05-21}
}
@online{pypykatz_agent,
	title = {Github: Pypykatz agent},
	url = {https://github.com/skelsec/pypykatz_agent_dn/},
	urldate = {2019-05-21}
}
@online{understanding_powersploit_mimikatz,
	title = {Understanding Powersploit, Mimikatz and Defense},
	url = {http://www.thesecurityblogger.com/understanding-powersploit-mimikatz-and-defense/},
	urldate = {2019-05-21}
}
@online{honeyhashes,
	title = {Detecting Mimikatz Use On Your Network},
	url = {https://isc.sans.edu/diary/Detecting+Mimikatz+Use+On+Your+Network/19311},
	urldate = {2019-05-21}
}
@online{events_1,
	title = {Detecting Forged Kerberos Ticket (Golden Ticket \& Silver Ticket) Use in Active Directory},
	url = {https://adsecurity.org/?p=1515},
	urldate = {2019-05-22}
}
@online{sysmon,
	title = {Microsoft docs: Sysmon v9.0},
	url = {https://docs.microsoft.com/en-us/sysinternals/downloads/sysmon},
	urldate = {2019-05-30}
}
@online{sysmon_config,
	title = {Github: sysmon-config | A Sysmon configuration file for everybody to fork},
	url = {https://github.com/DefenceLogic/sysmon-config},
	urldate = {2019-05-30}
}
@online{klist_script_idea,
	title = {Kerberos Golden Ticket Check},
	url = {https://gallery.technet.microsoft.com/scriptcenter/Kerberos-Golden-Ticket-b4814285},
	urldate = {2019-05-22}
}
@online{decoy_AD,
	title = {Github: Deploy-Deception},
	url = {https://github.com/samratashok/Deploy-Deception/blob/master/README.md},
	urldate = {2019-05-22}
}
@online{scom_GT,
	title = {Using SCOM to Detect Golden Tickets},
	url = {https://blogs.technet.microsoft.com/nathangau/2017/03/08/using-scom-to-detect-golden-tickets/},
	urldate = {2019-05-22}
}
@online{sysmon_event_7_mimikatz,
	title = {Chronicles of a Threat Hunter: Hunting for In-Memory Mimikatz with Sysmon and ELK - Part I (Event ID 7)},
	url = {https://cyberwardog.blogspot.com/2017/03/chronicles-of-threat-hunter-hunting-for.html},
	urldate = {2019-05-22}
}
@online{silver_ticket,
	title = {How Attackers Use Kerberos Silver Tickets to Exploit Systems},
	url = {https://adsecurity.org/?p=2011},
	urldate = {2019-05-26}
}
@online{more_dumps,
	title = {Dumping Windows Credentials},
	url = {https://www.securusglobal.com/community/2013/12/20/dumping-windows-credentials/},
	urldate = {2019-05-27}
}
@online{pd,
	title = {trapKit: ProcessDumper},
	url = {https://trapkit.de/tools/pd/index.html},
	urldate = {2019-05-28}
}
@online{procdump,
	title = {Microsoft docs: ProcDump v9.0},
	url = {https://docs.microsoft.com/en-us/sysinternals/downloads/procdump},
	urldate = {2019-05-28}
}
@online{sysmon_event_10_lsass,
	title = {Chronicles of a Threat Hunter: Hunting for In-Memory Mimikatz with Sysmon and ELK - Part II (Event ID 10)},
	url = {https://cyberwardog.blogspot.com/2017/03/chronicles-of-threat-hunter-hunting-for_22.html},
	urldate = {2019-05-28}
}
@online{detection_events,
	title = {Results of examining logs recorded in Windows upon execution of 49 tools},
	url = {https://jpcertcc.github.io/ToolAnalysisResultSheet/},
	urldate = {2019-05-29}
}
@online{memoria_github,
	title = {Github: Repository of the memory of the project},
	url = {https://github.com/andresgomezvidal/tfg_memoria},
	urldate = {2019-05-30}
}
@online{dcsync_monitor_network, 		%otro https://blog.didierstevens.com/2017/10/08/quickpost-mimikatz-dcsync-detection/
	title = {Mimikatz DCSync Usage, Exploitation, and Detection},
	url = {https://adsecurity.org/?p=1729},
	urldate = {2019-05-30}
}

%https://devblogs.microsoft.com/powershell/powershell-the-blue-team/
%https://www.microsoft.com/security/blog/2017/11/13/detecting-reflective-dll-loading-with-windows-defender-atp/
@online{powershell_adsecurity,
	title = {PowerShell Security: PowerShell Attack Tools, Mitigation, \& Detection},
	url = {https://adsecurity.org/?p=2921},
	urldate = {2019-06-14}
}

@online{andresgomezvidal_gitlab,
	title = {Gitlab account of Andrés Gómez Vidal},
	url = {https://gitlab.com/users/andresgomezvidal/projects},
	urldate = {2019-06-04}
}
@online{aspell,
	title = {GNU Aspell},
	url = {http://aspell.net/},
	urldate = {2019-06-04}
}
@online{drawio,
	title = {Draw.io},
	url = {https://www.draw.io/},
	urldate = {2019-06-04}
}
@online{metasploit,
	title = {Metasploit},
	url = {https://www.metasploit.com/},
	urldate = {2019-06-04}
}
@online{winrs,
	title = {Microsoft docs: Winrs},
	url = {https://docs.microsoft.com/en-us/windows-server/administration/windows-commands/winrs},
	urldate = {2019-06-12}
}
@online{PSAttack,
	title = {Github: PSAttack},
	url = {https://github.com/jaredhaight/psattack},
	urldate = {2019-06-14}
}
@online{active_response,
	title = {Blocking attacks with Active Response},
	url = {https://wazuh.com/blog/blocking-attacks-active-response/},
	urldate = {2019-06-15}
}
@online{ossec_sysmon,
	title = {A Ruleset to enhance detection capabilities of Ossec using Sysmon},
	url = {https://github.com/Hestat/ossec-sysmon},
	urldate = {2019-06-15}
}
@online{sigma,
	title = {Github: SIGMA - Generic Signature Format for SIEM Systems},
	url = {https://github.com/Neo23x0/sigma},
	urldate = {2019-06-15}
}
@online{ransomware_economy, 	%https://cdn.www.carbonblack.com/wp-content/uploads/2017/10/Carbon-Black-Ransomware-Economy-Report-101117.pdf
	title = {The Ransomware Economy},
	url = {https://www.carbonblack.com/resource/the-ransomware-economy/},
	urldate = {2019-06-23}
}
@online{events_46_56_X, 		%audit enabled with the steps in https://www.netwrix.com/how_to_detect_who_deleted_file.html
	title = {Exploring Windows File Activity Monitoring with the Windows Event Log},
	url = {https://www.varonis.com/blog/windows-file-activity-monitoring-event-log/},
	urldate = {2019-06-29}
}
@online{hardening_windows_10,
	title = {Hardening Microsoft Windows 10, version 1709, Workstations},
	url = {https://www.cyber.gov.au/publications/hardening-microsoft-windows-10-build-1709},
	urldate = {2019-07-02}
}
@online{trid,
	title = {Trid tool},
	url = {http://mark0.net/soft-trid-e.html},
	urldate = {2019-07-10}
}
%@online{,
%	title = {},
%	url = {},
%	urldate = {}
%}
%@online{,
%	title = {},
%	url = {},
%	urldate = {}
%}
%@online{,
%	title = {},
%	url = {},
%	urldate = {}
%}
%@online{,
%	title = {},
%	url = {},
%	urldate = {}
%}

%@online{,
%	author = {},
%	title = {},
%	year = ,
%	url = {},
%	urldate = {}
%}

%@article{,
%	author = {},
%	ams-subject = {},
%	journal = {},
%	review = {},
%	pages = {},
%	title = {},
%	volume = {},
%	year = {},
%}













%%https://github.com/KALRONG/wazuh-documentation
%%https://github.com/wazuh/wazuh-documentation
%%https://blogs.technet.microsoft.com/canitpro/2017/02/22/step-by-step-setting-up-active-directory-in-windows-server-2016/
%%https://documentation.wazuh.com/current/user-manual/capabilities/log-data-collection/how-it-works.html
%%	windows events
%%
%%
%%https://cert.europa.eu/static/WhitePapers/UPDATED%20-%20CERT-EU_Security_Whitepaper_2014-007_Kerberos_Golden_Ticket_Protection_v1_4.pdf
%%https://blogs.microsoft.com/cybertrust/2015/02/11/krbtgt-account-password-reset-scripts-now-available-for-customers/
%%http://cert.europa.eu/static/WhitePapers/CERT-EU-SWP_14_07_PassTheGolden_Ticket_v1_1.pdf
%%
%%
%%windows 10
%%	https://tb.rg-adguard.net/dl.php?go=f6ab4873
%%	500c9635645a91c09d3c3904fd12f0e1fd3f709e
%%	luego puede escogerse instalarlo Pro
%%
%%
%%http://idiopathic24.rssing.com/chan-13017459/all_p93.html
%%https://github.com/pe3zx/my-awesome/blob/master/README.md
%%
%%https://www.youtube.com/watch?v=abMWNAWsHs0
%%https://blog.geoda-security.com/2018/05/running-obfuscated-version-of-mimikatz.html
%%
%%https://blog.ropnop.com/using-credentials-to-own-windows-boxes/
%%https://www.poftut.com/use-psexec-tools-run-commands-get-shell-remote-windows-systems/
%%http://www.brandonmartinez.com/2013/04/24/resolve-access-is-denied-using-psexec-with-a-local-admin-account/
%%
%%https://www.windowscentral.com/how-permanently-disable-windows-defender-windows-10
%%
%%https://github.com/wazuh/wazuh-ruleset/blob/master/rules/0280-attack_rules.xml
%%https://www.joesandbox.com/
%%https://github.com/InQuest/awesome-yara
%%https://github.com/VirusTotal/yara
%%
%%https://www.sans.org/reading-room/whitepapers/detection/intrusion-detection-systems-definition-challenges-343
%%https://documentation.wazuh.com/current/user-manual/ruleset/contribute.html
%%
%%http://publish.illinois.edu/science-of-security-lablet/files/2015/09/10062015-Eric-Badger-Slides.pdf
%%
%%https://blogs.msdn.microsoft.com/powershell/2015/06/09/powershell-the-blue-team/
%%
%%https://www.reddit.com/r/hacking/comments/ajtrws/bypassing_highest_uac_level_windows_810/
%%
%%https://hausec.com/2019/03/05/penetration-testing-active-directory-part-i/
%%https://www.reddit.com/r/netsec/comments/b07n7v/penetration_testing_active_directory_part_ii/
%%
%%https://attack.mitre.org/
%%https://car.mitre.org/
%%https://github.com/wazuh/wazuh-ruleset/issues/258
%%
%%https://documentation.wazuh.com/current/user-manual/capabilities/osquery.html
%%https://www.reddit.com/r/netsec/comments/biicry/the_only_powershell_command_you_will_ever_need_to/
%%
%%https://medium.com/@robert.broeckelmann/kerberos-and-windows-security-kerberos-on-windows-3bc021bc9630
%%https://adsecurity.org/?p=2362
%%https://adsecurity.org/?p=462
%%
%%https://www.slideshare.net/NullSingapore/become-a-threat-hunter-by-hamza-beghal
%%	explica el proceso por fase de entrar en un sistema
%%
%%https://www.ibm.com/support/knowledgecenter/en/SSKMKU/com.ibm.extensions.doc/r_sysmon_ext.html
%%
%%https://mikefrobbins.com/2017/06/15/simple-obfuscation-with-powershell-using-base64-encoding/
%%
%%https://www.cyber.gov.au/sites/default/files/2019-05/PROTECT%20-%20Hardening%20Microsoft%20Windows%2010%20version%201709%20Workstations%20%28April%202019%29_0.pdf
%%https://docs.microsoft.com/en-us/windows/security/threat-protection/windows-defender-exploit-guard/evaluate-controlled-folder-access
%%
%%https://eqllib.readthedocs.io/en/latest/analytics.html
%%
%%https://github.com/nshalabi/ATTACK-Tools
%%https://github.com/clong/DetectionLab
%%https://github.com/redcanaryco/atomic-red-team
%%https://github.com/LordNoteworthy/al-khaser
%%https://github.com/fireeye/flare-floss
%%https://github.com/ExpLife0011/awesome-windows-kernel-security-development
%%https://github.com/hslatman/awesome-threat-intelligence
%%https://github.com/0x4D31/awesome-threat-detection
%%https://github.com/A3sal0n/CyberThreatHunting
%%https://www.osti.gov/servlets/purl/1376870
%%https://holdmybeersecurity.com/2019/02/27/sysinternals-for-windows-incident-response/
%%https://github.com/sametsazak/sysmon
%%https://github.com/Cyb3rWard0g/ThreatHunter-Playbook
