
@Book{pmbok,
%address = {},
%author = {Project Management Institute},
title = {Guía de los Fundamentos para la Dirección de Proyectos (Guía del PMBOK) , 5 a edición},
publisher = {Project Management Institute},
year = {2013},
isbn = {9781628250091}
}

%@Book{tanenbaum2008modern,
%	author = {Tanenbaum, Andrew},
%	title = {Modern operating systems},
%	publisher = {Pearson Prentice Hall},
%	year = {2008},
%	address = {Upper Saddle River, N.J},
%	isbn = {978-0136006633}
%}





%@online{wazuh_documentation,
%	title = {Wazuh documentation},
%	url = {https://github.com/wazuh/wazuh-documentation},
%	urldate = {}
%}

%@online{wazuh_ruleset,
%	title = {Wazuh ruleset},
%	url = {https://github.com/wazuh/wazuh-ruleset},
%	urldate = {}
%}

%@online{AD_setting_up,
%	title = {Setting up AD in Windows Server 2016},
%	url = {https://blogs.technet.microsoft.com/canitpro/2017/02/22/step-by-step-setting-up-active-directory-in-windows-server-2016/},
%	urldate = {}
%}

@article{use_case_definition,
	author = {Larson, E. \& Larson, R. (2004)},
	journal = {Paper presented at PMI\textregistered Global Congress 2004—North America, Anaheim, CA. Newtown Square, PA: Project Management Institute},
	title = {Use cases: what every project manager should know},
	%ams-subject = {},
	%review = {},
	%pages = {},
	%volume = {},
	%year = {},
	urldate = {2018-11-04},
}



%@online{,
%  title = {},
%  url = {},
%  urldate = {}
%}

%@online{,
%  title = {},
%  url = {},
%  urldate = {}
%}


%@online{,
%  title = {},
%  url = {},
%  urldate = {}
%}

%@online{,
%  title = {},
%  url = {},
%  urldate = {}
%}

%@online{,
%  title = {},
%  url = {},
%  urldate = {}
%}

%@online{,
%  title = {},
%  url = {},
%  urldate = {}
%}

%@online{,
%  title = {},
%  url = {},
%  urldate = {}
%}


%@online{,
%  title = {},
%  url = {},
%  urldate = {}
%}

%@online{,
%  title = {},
%  url = {},
%  urldate = {}
%}

%@online{,
%  title = {},
%  url = {},
%  urldate = {}
%}

%@online{,
%  title = {},
%  url = {},
%  urldate = {}
%}

%@online{,
%  title = {},
%  url = {},
%  urldate = {}
%}


%@online{,
%  title = {},
%  url = {},
%  urldate = {}
%}

%@online{,
%  title = {},
%  url = {},
%  urldate = {}
%}

%@online{,
%  title = {},
%  url = {},
%  urldate = {}
%}

%@online{,
%  title = {},
%  url = {},
%  urldate = {}
%}

%@online{,
%  title = {},
%  url = {},
%  urldate = {}
%}

%@online{,
%  author = {},
%  title = {},
%  year = ,
%  url = {},
%  urldate = {}
%}

%@online{webej,
%  author = {MultiMedia LLC},
%  title = {{MS Windows NT} Kernel Description},
%  year = 1999,
%  url = {http://web.archive.org/web/20080207010024/http://www.808multimedia.com/winnt/kernel.htm},
%  urldate = {2010-09-30}
%}

%@article{,
%author = {},
%ams-subject = {},
%journal = {},
%review = {},
%pages = {},
%title = {},
%volume = {},
%year = {},
%}

%@article{Sh1,
%author = {Shelah, Saharon},
%ams-subject = {(02.50)},
%journal = {Israel Journal of Mathematics},
%review = {MR 40-7102},
%pages = {187--202},
%title = {{Stable theories}},
%volume = {7},
%year = {1969},
%}

